<?xml version="1.0" encoding="UTF-8"?><record xmlns="http://www.loc.gov/MARC21/slim" xmlns:cinclude="http://apache.org/cocoon/include/1.0" xmlns:zs="http://www.loc.gov/zing/srw/">
  <leader>00540cz  a2200145n  4500</leader>
  <controlfield tag="001">n  94088204 </controlfield>
  <controlfield tag="003">DLC</controlfield>
  <controlfield tag="005">20130312091836.0</controlfield>
  <controlfield tag="008">940913n| azannaab           |a aaa      </controlfield>
  <datafield tag="010" ind1=" " ind2=" ">
    <subfield code="a">n  94088204 </subfield>
  </datafield>
  <datafield tag="040" ind1=" " ind2=" ">
    <subfield code="a">DLC</subfield>
    <subfield code="b">eng</subfield>
    <subfield code="e">rda</subfield>
    <subfield code="c">DLC</subfield>
    <subfield code="d">DLC</subfield>
  </datafield>
  <datafield tag="046" ind1=" " ind2=" ">
    <subfield code="f">19431230</subfield>
  </datafield>
  <datafield tag="100" ind1="1" ind2=" ">
    <subfield code="a">Hill, Michael,</subfield>
    <subfield code="d">1943 December 30-</subfield>
  </datafield>
  <datafield tag="400" ind1="1" ind2=" ">
    <subfield code="w">nnea</subfield>
    <subfield code="a">Hill, Michael,</subfield>
    <subfield code="d">1943 Dec. 30-</subfield>
  </datafield>
  <datafield tag="670" ind1=" " ind2=" ">
    <subfield code="a">The politics of nation building and citizenship in Singapore, 1994:</subfield>
    <subfield code="b">CIP t.p. (Michael Hill) galley (prof. of sociology, Victoria University, Wellington) data sheet (b. 12-30-43)</subfield>
  </datafield>
</record>